@MISC { ftepper-1,
    AUTHOR = { Fritz Tepper },
    TITLE = { What the hell is happening to cryptocurrency valuations? },
    HOWPUBLISHED = { [Online], Available: https://techcrunch.com/2017/06/07/what-the-hell-is-happening-to-cryptocurrency-valuations/ },
    YEAR = { 2017 },
    URL = { https://techcrunch.com/2017/06/07/what-the-hell-is-happening-to-cryptocurrency-valuations/ },
    MONTH = jun,
}

@PHDTHESIS { rviglione-1,
    AUTHOR = { Robert Viglione },
    TITLE = { Does Governance Have a Role in Pricing? Cross-Country Evidence from Bitcoin Markets },
    SCHOOL = { University of South Carolina },
    YEAR = { 2015 },
    MONTH = sep,
    ADDRESS = { Columbia, South Carolina, United States },
    URL = { https://papers.ssrn.com/sol3/papers.cfm?abstract_id=2666243 }
}

@MISC { ditkis-1,
	AUTHOR = { Dan Itkis },
	TITLE = { How many cryptocurrencies does the world need? },
	HOWPUBLISHED = { [Online], Available: https://venturebeat.com/2017/09/20/how-many-cryptocurrencies-does-the-world-need/ },
	YEAR = { 2017 },
	URL = { https://venturebeat.com/2017/09/20/how-many-cryptocurrencies-does-the-world-need/ },
	MONTH = sep
}

@MISC { coind-1,
	ORGANIZATION = { Coin Dance },
	TITLE = { Coin Dance Bitcoin Statistics },
	HOWPUBLISHED = { [Online], Available: https://coin.dance/stats },
	YEAR = { 2017 },
	URL = { https://coin.dance/stats }
}

@MISC { alex-1,
	AUTHOR = { Alexander1 },
	TITLE = { Cryptocurrency and marijuana. Overview CannabisCoin },
	HOWPUBLISHED = { [Online], Available: https://steemit.com/review/@alexander1/cryptocurrency-and-marijuana-overview-cannabiscoin },
	YEAR = { 2016 },
	URL = { https://steemit.com/review/@alexander1/cryptocurrency-and-marijuana-overview-cannabiscoin }
}

@MISC { edisilvestro-1,
	AUTHOR = { Emiliana Disilvestro, David Howden },
	TITLE = { Coin Dance Bitcoin Statistics },
	ORGANIZATION = { Mises Institute },
	HOWPUBLISHED = { [Online], Available: https://mises.org/library/venezuelas-bizarre-system-exchange-rates },
	YEAR = { 2016 },
	URL = { https://mises.org/library/venezuelas-bizarre-system-exchange-rates }
}

@MISC { heritage-1,
	TITLE = { Index of Economic Freedom },
	ORGANIZATION = { Heritage Foundation },
	HOWPUBLISHED = { [Online], Available: http://www.heritage.org/index/ },
	YEAR = { 2017 },
	URL = { http://www.heritage.org/index/ }
}

@MISC { cdengpvigna-1,
	AUTHOR = { Chao Deng, Paul Vigna },
	TITLE = { China to Shut Bitcoin Exchanges },
	ORGANIZATION = { Wall Street Journal },
	HOWPUBLISHED = { [Online], Available: https://www.wsj.com/articles/china-to-shut-bitcoin-exchanges-sources-1505100862 },
	YEAR = { 2017 },
	URL = { https://www.wsj.com/articles/china-to-shut-bitcoin-exchanges-sources-1505100862 },
	MONTH = sep
}

@MISC { sbarbarani-1,
	AUTHOR = { Sofia Barbarani },
	TITLE = { Thousands march against Maduro government in Venezuela as crisis deepens },
	ORGANIZATION = { The Washington Post },
	HOWPUBLISHED = { [Online], Available: \url{ "https://www.washingtonpost.com/world/the\_americas/thousands-march-against-maduro-government-in-venezuela-as-crisis-deepens/2017/01/23/6151f18e-e180-11e6-a419-eefe8eff0835_story.html?utm_term=.a95d79470230"} },
	YEAR = { 2017 },
	URL = { "https://www.washingtonpost.com/world/the_americas/thousands-march-against-maduro-government-in-venezuela-as-crisis-deepens/2017/01/23/6151f18e-e180-11e6-a419-eefe8eff0835_story.html?utm_term=.a95d79470230" },
	MONTH = feb
}

@MISC { jsouthurst-1,
	AUTHOR = { Jon Southurst },
	TITLE = { A Bot Named Willy: Did Mt. Gox's Automated Trading Pump Bitcoin's Price? },
	ORGANIZATION = { Coindesk },
	HOWPUBLISHED = { [Online], Available: \url{ "https://www.coindesk.com/bot-named-willy-did-mt-goxs-automated-trading-pump-bitcoin-price/"} },
	YEAR = { 2017 },
	URL = { "https://www.coindesk.com/bot-named-willy-did-mt-goxs-automated-trading-pump-bitcoin-price/" },
	MONTH = feb
}


@MISC { tradeblock-1,
	TITLE = { Analysis of Silk Roadâ€™s Historical Impact on Bitcoin },
	ORGANIZATION = { TradeBlock },
	HOWPUBLISHED = { [Online], Available: \url{ "https://tradeblock.com/blog/analysis-silk-roads-historical-impact-bitcoin/"} },
	YEAR = { 2013 },
	URL = { "https://tradeblock.com/blog/analysis-silk-roads-historical-impact-bitcoin/" },
	MONTH = oct
}

@MISC { reuters-1,
	TITLE = { Indonesia bans use of Bitcoins, other virtual currencies },
	ORGANIZATION = { Reuters },
	HOWPUBLISHED = { [Online], Available: \url{ "https://uk.reuters.com/article/uk-indonesia-bitcoin/indonesia-bans-use-of-bitcoins-other-virtual-currencies-idUKBREA150HV20140206"} },
	YEAR = { 2014 },
	URL = { "https://uk.reuters.com/article/uk-indonesia-bitcoin/indonesia-bans-use-of-bitcoins-other-virtual-currencies-idUKBREA150HV20140206" },
	MONTH = feb
}


@MISC { bloomberg-1,
	AUTHOR = { Robert Brand, Brian Latham, Godfrey Marawanyika },
	TITLE = { Indonesia bans use of Bitcoins, other virtual currencies },
	ORGANIZATION = { Bloomberg },
	HOWPUBLISHED = { [Online], Available: \url{ "https://www.bloomberg.com/news/articles/2017-11-15/bitcoin-surges-in-zimbabwe-after-military-moves-to-seize-power"} },
	YEAR = { 2014 },
	URL = { "https://www.bloomberg.com/news/articles/2017-11-15/bitcoin-surges-in-zimbabwe-after-military-moves-to-seize-power" },
	MONTH = feb
}

@MISC { rt-1,
	TITLE = { Switzerland rejects Croatia free movement deal after immigration referendum },
	ORGANIZATION = { RT.com },
	HOWPUBLISHED = { [Online], Available: \url{ "https://www.rt.com/news/switzerland-croatia-movement-reject-277/"} },
	YEAR = { 2014 },
	URL = { "https://www.rt.com/news/switzerland-croatia-movement-reject-277/" },
	MONTH = feb
}

@MISC { gulftimes-1,
	TITLE = { First bitcoin exchange in the UAE targets migrant workers from Asia },
	ORGANIZATION = { Gulf Times },
	HOWPUBLISHED = { [Online], Available: \url{ http://www.gulf-times.com/story/406642/First-bitcoin-exchange-in-the-UAE-targets-migrant-"} },
	YEAR = { 2014 },
	URL = { "http://www.gulf-times.com/story/406642/First-bitcoin-exchange-in-the-UAE-targets-migrant-" },
	MONTH = sep
}

@MISC { krands-1,
	AUTHOR = { Kevin Rands },
	TITLE = { Why Venezuela's Currency Crisis Is A Case Study For Bitcoin },
	ORGANIZATION = { Forbes Magazine },
	HOWPUBLISHED = { [Online], Available: \url{"https://www.forbes.com/sites/realspin/2017/02/03/why-venezuelas-currency-crisis-is-a-case-study-for-bitcoin/#1209145219b2" } },
	YEAR = { 2017 },
	URL = { "https://www.forbes.com/sites/realspin/2017/02/03/why-venezuelas-currency-crisis-is-a-case-study-for-bitcoin/#1209145219b2" },
	MONTH = feb
}



}
